% Encoding: UTF-8

@Article{Keane.1997,
	author  = {Keane, Michael P and Wolpin, Kenneth I},
	title   = {The Career Decisions of Young Men},
	journal = {Journal of Political Economy},
	year    = {1997},
	volume  = {105},
	number  = {3},
	pages   = {473--522},
}

@Article{Muth.1961,
	author  = {Muth, John F.},
	title   = {Rational Expectations and the Theory of Price Movements},
	journal = {Econometrica},
	year    = {1961},
	volume  = {29},
	number  = {3},
	pages   = {315--335},
}

@Book{Gilboa.2009,
	title     = {Theory of Decision under Uncertainty},
	publisher = {Cambridge University Press},
	year      = {2009},
	author    = {Gilboa, Itzhak},
	address   = {New York City, NY},
}

@Article{Samuelson.1937,
	author  = {Samuelson, Paul A.},
	title   = {A note on measurement of utility},
	journal = {Review of Economic Studies},
	year    = {1937},
	volume  = {4},
	number  = {2},
	pages   = {155--161},
}

@Book{White.1993,
	title     = {{M}arkov Decision Processes},
	publisher = {John Wiley \& Sons, Inc.},
	year      = {1993},
	author    = {White, D. J.},
	address   = {New York City, NY},
	edition   = {1st},
}

@Book{Puterman.1994,
	title     = {Markov Decision Processes: Discrete Stochastic Dynamic Programming},
	publisher = {John Wiley \& Sons, Inc.},
	year      = {1994},
	author    = {Martin L. Puterman},
	address   = {New York City, NY},
	edition   = {1st},
	owner     = {peisenha},
	timestamp = {2017.08.13},
}

@Article{Bellman.1954,
	author  = {Bellman, Richard E.},
	title   = {The theory of dynamic programming},
	journal = {Bulletin of the American Mathematical Society},
	year    = {1954},
	volume  = {60},
	number  = {6},
	pages   = {503--515},
}

@Book{Bellman.1957,
  title     = {Dynamic Programming},
  publisher = {Princeton University Press},
  year      = {1957},
  author    = {Bellman, R.},
  address   = {Princeton, NJ},
}

@Article{Judd.2011,
	author  = {Judd, Kenneth L and Skrainka, Benjamin S},
	title   = {High Performance Quadrature Rules: How Numerical Integration Affects a Popular Model of Product Differentiation},
	journal = {CEMMAP Working Paper},
	year    = {2011},
}

@Article{Keane.2000,
	author  = {Keane, Michael P and Wolpin, Kenneth I},
	title   = {Eliminating Race Differences in School Attainment and Labor Market Success},
	journal = {Journal of Labor Economics},
	year    = {2000},
	volume  = {18},
	number  = {4},
	pages   = {614--652},
}

@Article{Altonji.1993,
	author  = {Altonji, Joseph G.},
	title   = {The Demand for and Return to Education when Education Outcomes are Uncertain},
	journal = {Journal of Labor Economics},
	year    = {1993},
	volume  = {11},
	number  = {1, Part 1},
	pages   = {48--83},
}

@Article{Mincer.1958,
  author  = {Mincer, Jacob A},
  title   = {Investment in Human Capital and Personal Income Distribution},
  journal = {Journal of Political Economy},
  year    = {1958},
  volume  = {66},
  number  = {4},
  pages   = {281--302},
}

@Article{Mincer.1974,
	author  = {Mincer, Jacob A and Polachek, Solomon},
	title   = {Family Investments in Human Capital: Earnings of Women},
	journal = {Journal of Political Economy},
	year    = {1974},
	volume  = {82},
	number  = {2, Part 2},
	pages   = {S76--S108},
}

@Article{Spence.1973,
	author  = {Spence, Michael},
	title   = {Job Market Signalling},
	journal = {Quarterly Journal of Economics},
	year    = {1973},
	volume  = {87},
	number  = {3},
	pages   = {355--374},
}

@Article{Jaeger.1996,
	author  = {Jaeger, David A. and Page, Marianne E.},
	title   = {Degrees Matter: New Evidence on Sheepskin Effects in the Returns to Education},
	journal = {Review of Economics and Statistics},
	year    = {1996},
	volume  = {78},
	number  = {4},
	pages   = {733--740},
}

@article{Samuelson.1938,
	author = {Samuelson,  Paul A.},
	journal = {Economica},
	number = {17},
	pages = {61--71},
	title = {A Note on the Pure Theory of Consumer's Behaviour},
	volume = {5},
	year = {1938}
}

@Book{Gourieroux.1996,
	Title                    = {Simulation-Based Econometrics},
	Author                   = {Gourieroux, Christian and Monfort, Alain},
	Publisher                = {Oxford University Press},
	Year                     = {1996},
	
	Address                  = {Oxford, United Kingdom}
}

@Book{Davidson.2003,
	title     = {Econometric theory and methods},
	publisher = {Oxford University Press},
	year      = {2003},
	author    = {Davidson, Russel and MacKinnon, James G.},
	address   = {New York},
}

@Article{Eisenhauer.2015,
	author  = {Eisenhauer, Philipp and Heckman, James J and Mosso, Stefano},
	title   = {Estimation of Dynamic Discrete Choice Models by Maximum Likelihood and the Simulated Method of Moments},
	journal = {International Economic Review},
	year    = {2015},
	volume  = {56},
	number  = {2},
	pages   = {331--357},
}

@Article{Keane.1994,
	author  = {Keane, Micheal P and Wolpin, Kenneth I},
	title   = {The Solution and Estimation of Discrete Choice Dynamic Programming Models by Simulation and Interpolation: {M}onte {C}arlo Evidence},
	journal = {Review of Economics and Statistics},
	year    = {1994},
	volume  = {76},
	number  = {4},
	pages   = {648--672},
}

@Article{Aguirregabiria.2010,
  author  = {Aguirregabiria, Victor, and Mira, Pedro},
  title   = {Dynamic Discrete Choice Structural Models: A Survey},
  journal = {Journal of Econometrics},
  year    = {2010},
  volume  = {156},
  number  = {1},
  pages   = {38--67},
}

@Article{Bhuller.2020,
  author  = {Bhuller, Manudeep and Eisenhauer, Philipp and Mendel, Moritz},
  title   = {The Option Value of Education},
  journal = {Working Paper},
  year    = {2020},
}

@book{Stachurski.2009,
  title={Economic Dynamics: Theory and Computation},
  author={Stachurski, John},
  year={2009},
  publisher={MIT Press}
}


@book{Train.2009,
  title={Discrete Choice Methods with Simulation},
  author={Train, Kenneth E},
  year={2009},
  publisher={Cambridge University Press}
}


@incollection{Keane.2011,
  title={The Structural Estimation of Behavioral Models: Discrete Choice Dynamic Programming Methods and Applications},
  author={Keane, Michael P and Todd, Petra E and Wolpin, Kenneth I},
  booktitle={Handbook of Labor Economics},
  volume={4},
  pages={331--461},
  year={2011},
  publisher={Elsevier}
}


@Comment{jabref-meta: databaseType:bibtex;}
